<?xml version="1.0" encoding="UTF-8"?><record xmlns="http://www.loc.gov/MARC21/slim" xmlns:cinclude="http://apache.org/cocoon/include/1.0" xmlns:zs="http://www.loc.gov/zing/srw/">
  <leader>00649nz  a2200157n  4500</leader>
  <controlfield tag="001">no2010001824</controlfield>
  <controlfield tag="003">DLC</controlfield>
  <controlfield tag="005">20100108075635.0</controlfield>
  <controlfield tag="008">100106n| acannaabn          |a aaa     c</controlfield>
  <datafield tag="010" ind1=" " ind2=" ">
    <subfield code="a">no2010001824</subfield>
  </datafield>
  <datafield tag="035" ind1=" " ind2=" ">
    <subfield code="a">(OCoLC)oca08352084</subfield>
  </datafield>
  <datafield tag="040" ind1=" " ind2=" ">
    <subfield code="a">MoSU-L</subfield>
    <subfield code="b">eng</subfield>
    <subfield code="c">MoSU-L</subfield>
  </datafield>
  <datafield tag="100" ind1="1" ind2=" ">
    <subfield code="a">Hatch, H. H.</subfield>
    <subfield code="q">(Herschel Harrison),</subfield>
    <subfield code="d">1837-1920</subfield>
  </datafield>
  <datafield tag="400" ind1="1" ind2=" ">
    <subfield code="a">Hatch, Herschel Harrison,</subfield>
    <subfield code="d">1837-1920</subfield>
  </datafield>
  <datafield tag="670" ind1=" " ind2=" ">
    <subfield code="a">Coupling of cars on railroads, 1884:</subfield>
    <subfield code="b">p. 1 (Mr. H.H. Hatch, from the Committee on Railways and Canals)</subfield>
  </datafield>
  <datafield tag="670" ind1=" " ind2=" ">
    <subfield code="a">Biog. dir. of the U.S. Cong. online, viewed Jan. 6, 2009</subfield>
    <subfield code="b">(Hatch, Herschel Harrison, a Representative from Mich.; b. Feb. 17, 1837; d. Nov. 30, 1920)</subfield>
  </datafield>
</record>